@inproceedings{urner2011access,
  title={Access to unlabeled data can speed up prediction time},
  author={Urner, Ruth and Shalev-Shwartz, Shai and Ben-David, Shai},
  booktitle={Proceedings of the 28th International Conference on Machine Learning (ICML-11)},
  pages={641--648},
  year={2011}
}
@article{zhou2010semi,
	title={Semi-supervised learning by disagreement},
	author={Zhou, Zhi-Hua and Li, Ming},
	journal={Knowledge and Information Systems},
	volume={24},
	number={3},
	pages={415--439},
	year={2010},
	publisher={Springer}
}
@article{zhu2009introduction,
	title={Introduction to semi-supervised learning},
	author={Zhu, Xiaojin and Goldberg, Andrew B},
	journal={Synthesis lectures on artificial intelligence and machine learning},
	volume={3},
	number={1},
	pages={1--130},
	year={2009},
	publisher={Morgan \& Claypool Publishers}
}